@article{xue2023diffusion,
  title={Diffusion-Based Adversarial Sample Generation for Improved Stealthiness and Controllability},
  author={Xue, Haotian and Araujo, Alexandre and Hu, Bin and Chen, Yongxin},
  journal={arXiv preprint arXiv:2305.16494},
  year={2023}
}

@book{knuth1984,
  author    = {Donald E. Knuth},
  title     = {The TeXbook},
  year      = {1984},
  publisher = {Addison-Wesley},
  address   = {Reading, Massachusetts}
}

@misc{madry2019deep,
      title={Towards Deep Learning Models Resistant to Adversarial Attacks},
      author={Aleksander Madry and Aleksandar Makelov and Ludwig Schmidt and Dimitris Tsipras and Adrian Vladu},
      year={2019},
      eprint={1706.06083},
      archivePrefix={arXiv},
      primaryClass={stat.ML}
}

@misc{brown2018adversarial,
      title={Adversarial Patch},
      author={Tom B. Brown and Dandelion Mané and Aurko Roy and Martín Abadi and Justin Gilmer},
      year={2018},
      eprint={1712.09665},
      archivePrefix={arXiv},
      primaryClass={cs.CV}
}

@misc{lee2021antiadversarially,
      title={Anti-Adversarially Manipulated Attributions for Weakly and Semi-Supervised Semantic Segmentation},
      author={Jungbeom Lee and Eunji Kim and Sungroh Yoon},
      year={2021},
      eprint={2103.08896},
      archivePrefix={arXiv},
      primaryClass={cs.CV}
}

@inproceedings{inproceedings,
author = {He, Kaiming and Zhang, Xiangyu and Ren, Shaoqing and Sun, Jian},
year = {2016},
month = {06},
pages = {770-778},
title = {Deep Residual Learning for Image Recognition},
doi = {10.1109/CVPR.2016.90}
}