@inproceedings{transformers,
 author = {Vaswani, Ashish and Shazeer, Noam and Parmar, Niki and Uszkoreit, Jakob and Jones, Llion and Gomez, Aidan N and Kaiser, {\L}ukasz and Polosukhin, Illia},
 booktitle = {Advances in Neural Information Processing Systems},
 title = {Attention is All you Need},
 year = {2017},
}

@book{ml-is-fun,
  author = {Yourgan Schmidt and Mygan HÃ¼ber},
  title = {Machine Learning is Fun},
  year = {1832},
}
